<?xml version="1.0" encoding="UTF-8"?>
<record xmlns="http://www.loc.gov/MARC21/slim" xmlns:xsi="http://www.w3.org/2001/XMLSchema-instance" xsi:schemaLocation="http://www.loc.gov/MARC21/slim http://www.loc.gov/standards/marcxml/schema/MARC21slim.xsd">
<leader>     cam a2200445 a 4500</leader>
<controlfield tag="001">001677178</controlfield>
<controlfield tag="003">NNU</controlfield>
<controlfield tag="005">19961107174532.1</controlfield>
<controlfield tag="008">931012m18861888ua            000 0 ara d</controlfield>
<datafield tag="020" ind1=" " ind2=" ">
<subfield code="a">0524083045 (microfiche)</subfield>
</datafield>
<datafield tag="035" ind1="9" ind2=" ">
<subfield code="a">NYUb12220553</subfield>
</datafield>
<datafield tag="035" ind1=" " ind2=" ">
<subfield code="a">(MH)MHBIY15615HU</subfield>
</datafield>
<datafield tag="035" ind1=" " ind2=" ">
<subfield code="a">(CStRLIN)MAHGBIY15615-B</subfield>
</datafield>
<datafield tag="040" ind1=" " ind2=" ">
<subfield code="d">CStRLIN</subfield>
</datafield>
<datafield tag="050" ind1=" " ind2="4">
<subfield code="a">BP135.A128</subfield>
<subfield code="b">Q3</subfield>
</datafield>
<datafield tag="100" ind1="1" ind2=" ">
<subfield code="a">Qasṭallānī, Aḥmad ibn Muḥammad,</subfield>
<subfield code="d">1447 or 8-1517 or 18.</subfield>
</datafield>
<datafield tag="240" ind1="1" ind2="0">
<subfield code="a">Irshād al-sārī</subfield>
</datafield>
<datafield tag="245" ind1="1" ind2="0">
<subfield code="a">Irshād al-sārī fi-sharḥ Ṣaḥīḥ al-Bukhārī /</subfield>
<subfield code="c">taʼlīf Abī al-ʻAbbās Shihāb al-Dīn Aḥmad ibn Muḥammad al-Qastallānī. Wa-bi-hāmishihi Ṣaḥīḥ Muslim bi-Shurūḥ al-Nawawī</subfield>
</datafield>
<datafield tag="250" ind1=" " ind2=" ">
<subfield code="a">Ṭabʻah jadīdah bil-ufset.</subfield>
</datafield>
<datafield tag="260" ind1=" " ind2=" ">
<subfield code="a">al-Qāhirah :</subfield>
<subfield code="b">al-Maṭbaʻah al-Amīrīyah,</subfield>
<subfield code="c">1886-1888.</subfield>
</datafield>
<datafield tag="300" ind1=" " ind2=" ">
<subfield code="a">10 v. ;</subfield>
<subfield code="c">29 cm.</subfield>
</datafield>
<datafield tag="500" ind1=" " ind2=" ">
<subfield code="a">Includes text of Ṣaḥīḥ al-Bukhārī.</subfield>
</datafield>
<datafield tag="650" ind1=" " ind2="0">
<subfield code="a">Hadith</subfield>
<subfield code="x">Criticism, interpretation, etc.</subfield>
</datafield>
<datafield tag="700" ind1="1" ind2="2">
<subfield code="a">Bukhārī, Muḥammad ibn Ismāʻīl,</subfield>
<subfield code="d">810-870.</subfield>
<subfield code="t">Jāmiʻ al-ṣaḥīḥ.</subfield>
<subfield code="f">1886.</subfield>
</datafield>
<datafield tag="700" ind1="0" ind2="2">
<subfield code="a">Muslim ibn al-Ḥajjāj al-Qushayrī,</subfield>
<subfield code="d">ca. 821-875.</subfield>
<subfield code="t">Jāmiʻ al-ṣaḥīḥ.</subfield>
<subfield code="f">1886.</subfield>
</datafield>
<datafield tag="700" ind1="0" ind2="2">
<subfield code="a">Nawawī,</subfield>
<subfield code="d">1233-1277.</subfield>
<subfield code="t">Sharḥ Ṣaḥīḥ Muslim.</subfield>
<subfield code="f">1886.</subfield>
</datafield>
<datafield tag="740" ind1="0" ind2="2">
<subfield code="a">Jāmiʻ al-ṣaḥīḥ.</subfield>
</datafield>
<datafield tag="740" ind1="0" ind2="2">
<subfield code="a">Sharḥ Ṣaḥīḥ Muslim.</subfield>
</datafield>
<datafield tag="830" ind1=" " ind2="0">
<subfield code="a">ATLA monograph preservation program ;</subfield>
<subfield code="v">ATLA fiche 1993-4009.</subfield>
</datafield>
<datafield tag="OWN" ind1=" " ind2=" ">
<subfield code="a">GENERAL</subfield>
</datafield>
<datafield tag="950" ind1=" " ind2=" ">
<subfield code="l">BMAIN</subfield>
<subfield code="a">BP135.A128</subfield>
<subfield code="b">Q3</subfield>
</datafield>
<datafield tag="955" ind1=" " ind2=" ">
<subfield code="l">BMAIN</subfield>
<subfield code="c">1:v.1</subfield>
<subfield code="r">027717498</subfield>
</datafield>
<datafield tag="955" ind1=" " ind2=" ">
<subfield code="l">BMAIN</subfield>
<subfield code="c">1:v.2</subfield>
<subfield code="r">027717555</subfield>
</datafield>
<datafield tag="955" ind1=" " ind2=" ">
<subfield code="l">BMAIN</subfield>
<subfield code="c">1:v.3</subfield>
<subfield code="r">027717613</subfield>
</datafield>
<datafield tag="955" ind1=" " ind2=" ">
<subfield code="l">BMAIN</subfield>
<subfield code="c">1:v.4</subfield>
<subfield code="r">027717670</subfield>
</datafield>
<datafield tag="955" ind1=" " ind2=" ">
<subfield code="l">BMAIN</subfield>
<subfield code="c">1:v.5</subfield>
<subfield code="r">027717738</subfield>
</datafield>
<datafield tag="955" ind1=" " ind2=" ">
<subfield code="l">BMAIN</subfield>
<subfield code="c">1:v.6</subfield>
<subfield code="r">027717795</subfield>
</datafield>
<datafield tag="955" ind1=" " ind2=" ">
<subfield code="l">BMAIN</subfield>
<subfield code="c">1:v.7</subfield>
<subfield code="r">027717852</subfield>
</datafield>
<datafield tag="955" ind1=" " ind2=" ">
<subfield code="l">BMAIN</subfield>
<subfield code="c">1:v.8</subfield>
<subfield code="r">027717910</subfield>
</datafield>
<datafield tag="955" ind1=" " ind2=" ">
<subfield code="l">BMAIN</subfield>
<subfield code="c">1:v.9</subfield>
<subfield code="r">027717977</subfield>
</datafield>
<datafield tag="955" ind1=" " ind2=" ">
<subfield code="l">BMAIN</subfield>
<subfield code="c">1:v.10</subfield>
<subfield code="r">027718033</subfield>
</datafield>
<datafield tag="998" ind1=" " ind2=" ">
<subfield code="s">9115</subfield>
</datafield>
<datafield tag="AVA" ind1=" " ind2=" ">
<subfield code="a">NYU50</subfield>
<subfield code="b">BOBST</subfield>
<subfield code="c">Main Collection</subfield>
<subfield code="d">BP135.A128 Q3</subfield>
<subfield code="e">unavailable</subfield>
<subfield code="t">Unavailable</subfield>
<subfield code="f">10</subfield>
<subfield code="g">10</subfield>
<subfield code="h">Y</subfield>
<subfield code="i">1</subfield>
<subfield code="j">MAIN</subfield>
<subfield code="k">0</subfield>
</datafield>
</record>
